% sec:method
@article{peffersDesign2007,
  author = {Peffers, Ken and Tuunanen, Tuure and Rothenberger, Marcus and Chatterjee, S.},
  title = {A design science research methodology for information systems research},
  year = {2007},
  pages = {45--77},
  volume = {24},
  journal = {Journal of Management Information Systems}
}

@article{hevnerDesign2004,
  author = {Hevner, Alan R. and March, Salvatore T. and Park, Jinsoo and Ram, Sudha},
	title = {Design Science in Information Systems Research},
  journal = {MIS Quarterly},
	volume = {28},
	year = {2004},
  pages = {75--105},
	publisher =  {JSTOR},
}

% subsec:qca
@incollection{mayringQualitative2022,
  title = {Qualitative {Inhaltsanalyse}},
  booktitle = {Handbuch {Methoden} der empirischen {Sozialforschung}},
  publisher = {Springer Fachmedien Wiesbaden},
  author = {Mayring, Philipp and Fenzl, Thomas},
  year = {2022},
  pages = {691--706},
}

% subsec:re-sa
@book{IEEEStandard1990,
	address = {New York},
	edition = {Corrected ed},
	title = {Standard Glossary of Software Engineering Terminology},
	publisher = {Institute of Electrical and Electronics Engineers},
	author = {{IEEE}},
	year = {1990},
}

@manual{glinzHandbook2020,
  author = {Glinz, Martin and van Loenhoud, Hans and Staal, Stefan and Bühne, Stan},
  title = {Handbook for the CPRE Foundation Level according to the IREB Standard},
  publisher = {International Requiremenst Engineering Board},
  year = {2020},
}

@book{herrmannGrundlagen2022,
 author = {Herrmann, Andrea},
 year = {2022},
 title = {Grundlagen der Anforderungsanalyse: Standardkonformes Requirements Engineering},
 address = {Wiesbaden & Heidelberg},
 publisher = {{Springer Vieweg}},
}

@misc{weiRequirements2024,
	title = {Requirements are All You Need: From Requirements to Code with LLMs},
	publisher = {arXiv},
	author = {Wei, Bingyang},
	year = {2024},
}

@article{kaiyaMeta2018,
	title = {Meta-Requirements for Information System Requirements: Lesson Learned from Software Ecosystem Researches},
	volume = {126},
	journal = {Procedia Computer Science},
	author = {Kaiya, Haruhiko},
	year = {2018},
	pages = {1243--1252},
}

% subsec:op-ex
@article{womackLean1997,
  title = {Lean {Thinking}—{Banish} {Waste} and {Create} {Wealth} in your {Corporation}},
  volume = {48},
  number = {11},
  journal = {Journal of the Operational Research Society},
  author = {Womack, J P and Jones, D T},
  year = {1997},
  pages = {1148--1148},
}

@book{juranQuality1999,
  edition = {5th ed},
  title = {Juran's quality handbook},
  publisher = {McGraw Hill},
  author = {Juran, Joseph Moses and Godfrey, A. Blanton},
  year = {1999},
}

@article{carvalhoOperational2023,
  title = {Operational excellence, organizational culture, and agility: bridging the gap between quality and adaptability},
  volume = {34},
  journal = {Total Quality Management \& Business Excellence},
  author = {Carvalho, André M. and Sampaio, Paulo and Rebentisch, Eric and McManus, Hugh and Carvalho, João Álvaro and Saraiva, Pedro},
  year = {2023},
  pages = {1598--1628},
}

@article{owoadeSystematic2024,
  title = {Systematic {Review} of {Strategic} {Business} {Administration} {Practices} for {Driving} {Operational} {Excellence} in {IT}-{Driven} {Firms}},
  volume = {11},
  journal = {International Journal of Scientific Research in Science and Technology},
  author = {Owoade, Samuel and Ezeh, Florence Sophia and Ubanadu, Bright Chibunna and Daraojimba, Andrew Ifesinachi and Akpe, Oyinomomo-emi Emmanuel},
  year = {2024},
  pages = {680--700},
}

@book{duanData2015,
  address = {Cham},
  edition = {1st},
  title = {Data-{Driven} {Optimization} and {Knowledge} {Discovery} for an {Enterprise} {Information} {System}},
  publisher = {Springer International},
  author = {Duan, Qing and Chakrabarty, Krishnendu and Zeng, Jun},
  year = {2015},
}

% subsec:workflow-auto
@article{basuResearch2002,
  title = {Research {Commentary}: {Workflow} {Management} {Issues} in e-{Business}},
  volume = {13},
  journal = {Information Systems Research},
  author = {Basu, Amit and Kumar, Akhil},
  year = {2002},
  pages = {1--14},
}

@article{stohrWorkflow2001,
  title = {Workflow {Automation}: {Overview} and {Research} {Issues}},
  volume = {3},
  journal = {Information Systems Frontiers},
  author = {Stohr, Edward A. and Zhao, J. Leon},
  year = {2001},
  pages = {281--296},
}

@book{gadatschGrundkurs2012,
  address = {Wiesbaden},
  edition = {7.},
  title = {Grundkurs {Geschäftsprozess}-{Management}: {Methoden} und {Werkzeuge} für die {IT}-{Praxis}: {Eine} {Einführung} für {Studenten} und {Praktiker}},
  publisher = {Vieweg+Teubner Verlag},
  author = {Gadatsch, Andreas},
  year = {2012},
}

@article{georgakopoulosOverview1995,
  title = {An overview of workflow management: {From} process modeling to workflow automation infrastructure},
  volume = {3},
  journal = {Distributed and Parallel Databases},
  author = {Georgakopoulos, Diimitrios and Hornick, Mark and Sheth, Amit},
  year = {1995},
  pages = {119--153},
}

% subsec:agentic-ai
@article{jenningsRoadmap1998,
	title = {A {Roadmap} of {Agent} {Research} and {Development}},
	volume = {1},
	journal = {Autonomous Agents and Multi-Agent Systems},
	author = {Jennings, Nicholas R. and Sycara, Katia and Wooldridge, Michael},
	year = {1998},
	pages = {7--38},
}

@book{WooldridgeIntroduction2009,
  author    = {Michael Wooldridge},
  title     = {An Introduction to MultiAgent Systems},
  edition   = {2},
  year      = {2009},
  publisher = {John Wiley \& Sons},
  address   = {Chichester}
}

@article{castelfranchiModelling1998,
  title = {Modelling social action for {AI} agents},
  volume = {103},
  journal = {Artificial Intelligence},
  author = {Castelfranchi, Cristiano},
  year = {1998},
  pages = {157--182},
}

@book{ferberMultiagent1999,
  address = {Harlow Bonn},
  edition = {1},
  title = {Multi-agent systems: an introduction to distributed artificial intelligence},
  publisher = {Addison-Wesley},
  author = {Ferber, Jacques},
  year = {1999},
  pages = {479--498}
}

@article{sapkotaAI2026,
  title = {{AI} {Agents} vs. {Agentic} {AI}: {A} {Conceptual} {Taxonomy}, {Applications} and {Challenges}},
  volume = {126},
  journal = {Information Fusion},
  author = {Sapkota, Ranjan and Roumeliotis, Konstantinos I. and Karkee, Manoj},
  year = {2025},
  pages = {103-599},
}

@misc{yangAutoGPT2023,
  title = {Auto-{GPT} for {Online} {Decision} {Making}: {Benchmarks} and {Additional} {Opinions}},
  publisher = {arXiv},
  author = {Yang, Hui and Yue, Sifu and He, Yunzhong},
  year = {2023},
}

@article{russellResearch2015,
  title = {Research {Priorities} for {Robust} and {Beneficial} {Artificial} {Intelligence}},
  author = {Russell, Stuart and Dewey, Daniel and Tegmark, Max},
  year = {2015},
  version = {1},
}

@misc{gauravGovernance2025,
  title = {Governance-as-a-{Service}: {A} {Multi}-{Agent} {Framework} for {AI} {System} {Compliance} and {Policy} {Enforcement}},
  publisher = {arXiv},
  author = {Gaurav, Suyash and Heikkonen, Jukka and Chaudhary, Jatin},
  year = {2025},
}

@misc{yaoReAct2023,
  title = {{ReAct}: {Synergizing} {Reasoning} and {Acting} in {Language} {Models}},
  publisher = {arXiv},
  author = {Yao, Shunyu and Zhao, Jeffrey and Yu, Dian and Du, Nan and Shafran, Izhak and Narasimhan, Karthik and Cao, Yuan},
  year = {2023},
}

@misc{shuEffective2024,
  title = {Towards {Effective} {GenAI} {Multi}-{Agent} {Collaboration}: {Design} and {Evaluation} for {Enterprise} {Applications}},
  publisher = {arXiv},
  author = {Shu, Raphael and Das, Nilaksh and Yuan, Michelle and Sunkara, Monica and Zhang, Yi},
  year = {2024},
}

@misc{qianChatDev2024,
  title = {{ChatDev}: {Communicative} {Agents} for {Software} {Development}},
  publisher = {arXiv},
  author = {Qian, Chen and Liu, Wei and Liu, Hongzhang and Chen, Nuo and Dang, Yufan and Li, Jiahao and Yang, Cheng and Chen, Weize and Su, Yusheng and Cong, Xin and Xu, Juyuan and Li, Dahai and Liu, Zhiyuan and Sun, Maosong},
  year = {2024},
}

@misc{weiChain2022,
  title = {Chain-of-{Thought} {Prompting} {Elicits} {Reasoning} in {Large} {Language} {Models}},
  publisher = {arXiv},
  author = {Wei, Jason and Wang, Xuezhi and Schuurmans, Dale and Bosma, Maarten and Ichter, Brian and Xia, Fei and Chi, Ed and Le, Quoc and Zhou, Denny},
  year = {2022},
  note = {Version Number: 6},
}

%sec:mod-mas
@misc{anthropic_mcp,
  title   = {Introducing the Model Context Protocol (MCP)},
  author  = {{Anthropic}},
  year    = {2024},
  url     = {https://www.anthropic.com/news/model-context-protocol/}
}

@misc{google_a2a,
  title   = {A2A: A New Era of Agent Interoperability},
  author  = {{Google}},
  year    = {2025},
  url     = {https://developers.googleblog.com/en/a2a-a-new-era-of-agent-interoperability/}
}

@misc{langchain_multi_agents,
  title   = {How and when to build multi-agent systems},
  author  = {{LangChain}},
  year    = {2024},
  url     = {https://blog.langchain.com/how-and-when-to-build-multi-agent-systems/}
}

@misc{cognition_dont_build,
  title   = {Don't Build Multi-Agents},
  author  = {{Cognition AI}},
  year    = {2025},
  url     = {https://cognition.ai/blog/dont-build-multi-agents/}
}

@misc{breunig_context_fail,
  title   = {How (Long) Contexts Fail—and How to Fix Them},
  author  = {Breunig, Daniel},
  year    = {2025},
  url     = {https://www.dbreunig.com/2025/06/22/how-contexts-fail-and-how-to-fix-them.html}
}

@misc{breunig_fix_context,
  title   = {How to Fix Your Context},
  author  = {Breunig, Daniel},
  year    = {2025},
  url     = {https://www.dbreunig.com/2025/06/26/how-to-fix-your-context.html}
}

@misc{langgraph_hil,
  title   = {Human-in-the-Loop Patterns for Agent Workflows},
  author  = {{LangGraph}},
  year    = {2024},
  url     = {https://langchain-ai.github.io/langgraph/how-tos/human_in_the_loop/}
}